@incollection{pymorphy2,
   year={2015},
   isbn={978-3-319-26122-5},
   booktitle={Analysis of Images, Social Networks and Texts},
   volume={542},
   series={Communications in Computer and Information Science},
   editor={Khachay, Mikhail Yu. and Konstantinova, Natalia and Panchenko, Alexander and Ignatov, Dmitry I. and Labunets, Valeri G.},
   doi={10.1007/978-3-319-26123-2_31},
   title={Morphological Analyzer and Generator for Russian and Ukrainian Languages},
   url={http://dx.doi.org/10.1007/978-3-319-26123-2_31},
   publisher={Springer International Publishing},
   keywords={Morphological analyzer; Russian; Ukrainian; Morphological generator; Open source; OpenCorpora; LanguageTool; pymorphy2; pymorphy},
   author={Korobov, Mikhail},
   pages={320-332},
   language={English}
}

@article{w2v,
  author    = {Tomas Mikolov and
               Kai Chen and
               Greg Corrado and
               Jeffrey Dean},
  title     = {Efficient Estimation of Word Representations in Vector Space},
  journal   = {CoRR},
  volume    = {abs/1301.3781},
  year      = {2013},
  url       = {http://arxiv.org/abs/1301.3781},
  timestamp = {Wed, 07 Jun 2017 14:42:25 +0200},
  biburl    = {http://dblp.uni-trier.de/rec/bib/journals/corr/abs-1301-3781},
  bibsource = {dblp computer science bibliography, http://dblp.org}
}

@article{from_freq,
  author    = {Peter D. Turney and
               Patrick Pantel},
  title     = {From Frequency to Meaning: Vector Space Models of Semantics},
  journal   = {CoRR},
  volume    = {abs/1003.1141},
  year      = {2010},
  url       = {http://arxiv.org/abs/1003.1141},
  timestamp = {Wed, 07 Jun 2017 14:41:29 +0200},
  biburl    = {http://dblp.uni-trier.de/rec/bib/journals/corr/abs-1003-1141},
  bibsource = {dblp computer science bibliography, http://dblp.org}
}

@article{w2v_expl,
  author    = {Yoav Goldberg and
               Omer Levy},
  title     = {word2vec Explained: deriving Mikolov et al.'s negative-sampling word-embedding
               method},
  journal   = {CoRR},
  volume    = {abs/1402.3722},
  year      = {2014},
  url       = {http://arxiv.org/abs/1402.3722},
  timestamp = {Wed, 07 Jun 2017 14:43:07 +0200},
  biburl    = {http://dblp.uni-trier.de/rec/bib/journals/corr/GoldbergL14},
  bibsource = {dblp computer science bibliography, http://dblp.org}
}

@article{rus_tokenization,
  author    = {Ермакович, МВ},
  title     = {Автоматическое определение границ слова в русском тексте с
помощью комплекса лингвистических правил},
  journal   = {материалы международной конференции «Диалог 2017»},
  year      = {2017},
  url       = {http://www.dialog-21.ru/media/3981/yermakovichmv.pdf},
}

@article{2016kvoprosu,
  title={К ВОПРОСУ О ТОКЕНИЗАЦИИ ТЕКСТА},
  author={Гречачин, ВА},
  journal={Международный научно-исследовательский журнал},
  number={6 (48) Часть 4},
  pages={25--27},
  year={2016}
}

@article{2014nkra,
  title={НКРЯ: основной корпус и СинТагРус, синтаксический анализ текстов со снятой морфологической омонимией},
  author={Дяченко, ПВ and Подлесская, ОЮ and Сизов, ВГ},
  journal={Информационные технологии и системы (ИТиС’2014). Сборник трудов}
}

@article{2012opencorpora,
  title={Вероятностная модель токенизации в проекте Открытый корпус},
  author={Бочаров, ВВ and Грановский, ДВ and Суриков, АВ},
  journal={Новые информационные технологии в автоматизированных системах},
  number={15},
  year={2012},
  publisher={Федеральное государственное автономное образовательное учреждение высшего образования {\guillemotleft}Национальный исследовательский университет {\guillemotleft}Высшая школа экономики{\guillemotright}}
}

@misc{uima,
    Title = {Unstructured Information Management Architecture ({UIMA}) Version 1.0},
    Author = {Ferrucci, David and Lally, Adam and Verspoor, Karin and Nyberg, Eric},
    Howpublished = {OASIS Standard},
    Year = {2009},
    Month = {mar},
    Url = {http://docs.oasis-open.org/uima/v1.0/uima-v1.0.html}}

@article{uima-ruta,
    Title = {UIMA Ruta: Rapid development of rule-based information extraction applications},
    Author = {Kluegl, Peter and Toepfer, Martin and Beck, Philip-Daniel and Fette, Georg and Puppe, Frank},
    Journal = {Natural Language Engineering},
    Volume = {22},
    Issue = {01},
    Month = {jan},
    Year = {2016},
    Issn = {1469-8110},
    Pages = {1--40},
    Numpages = {40},
    Doi = {10.1017/S1351324914000114},
    Url = {http://journals.cambridge.org/article_S1351324914000114}}

@InProceedings{Cunningham2010,
  author = {Hamish Cunningham and Allan Hanbury and Stefan R\"{u}ger},
  title = {Scaling up High-Value Retrieval to Medium-Volume Data},
  booktitle = {Advances in Multidisciplinary Retrieval (the 1st Information Retrieval Facility Conference)},
  month = {May},
  series = {Lecture Notes in Computer Science, Volume 6107},
  publisher = {Springer},
  address = {Vienna, Austria},
  editor = {Hamish Cunningham and Allan Hanbury and Stefan R\"{u}ger},
  isbn = {978-3-642-13083-0},
  year = 2010
}

@article{nadeau2007survey,
  title={A survey of named entity recognition and classification},
  author={Nadeau, David and Sekine, Satoshi},
  journal={Lingvisticae Investigationes},
  volume={30},
  number={1},
  pages={3--26},
  year={2007},
  publisher={John Benjamins publishing company}
}

@book{feldman2007text,
  title={The text mining handbook: advanced approaches in analyzing unstructured data},
  author={Feldman, Ronen and Sanger, James},
  year={2007},
  publisher={Cambridge university press}
}

@online{tunexgb,
  author = {Aarshay Jain},
  title = {Complete Guide to Parameter Tuning in XGBoost (with codes in Python)},
  year = 2016,
  url = {https://www.analyticsvidhya.com/blog/2016/03/complete-guide-parameter-tuning-xgboost-with-codes-python/},
  urldate = {2017-07-05}
}

@inproceedings{crfusage,
  title={Поиск упоминаний лиц в новостных текстах с использованием модели условных случайных полей},
  author={Подобряев, АВ},
  booktitle={Труды XV Всероссийской научной конференции {\guillemotleft}Электронные библиотеки: перспективные методы и технологии, электронные коллекции{\guillemotright}—RCDL-2013, Ярославль, Россия},
  pages={14--17},
  year={2013}
}

@inproceedings{szarvas2006multilingual,
  title={A multilingual named entity recognition system using boosting and c4. 5 decision tree learning algorithms},
  author={Szarvas, Gy{\"o}rgy and Farkas, Rich{\'a}rd and Kocsor, Andr{\'a}s},
  booktitle={International Conference on Discovery Science},
  pages={267--278},
  year={2006},
  organization={Springer}
}

@inproceedings{mccallum2000maximum,
  title={Maximum Entropy Markov Models for Information Extraction and Segmentation.},
  author={McCallum, Andrew and Freitag, Dayne and Pereira, Fernando CN},
  booktitle={Icml},
  volume={17},
  pages={591--598},
  year={2000}
}

@inproceedings{isozaki2002efficient,
  title={Efficient support vector classifiers for named entity recognition},
  author={Isozaki, Hideki and Kazawa, Hideto},
  booktitle={Proceedings of the 19th international conference on Computational linguistics-Volume 1},
  pages={1--7},
  year={2002},
  organization={Association for Computational Linguistics}
}

@article{chiu2015named,
  title={Named entity recognition with bidirectional LSTM-CNNs},
  author={Chiu, Jason PC and Nichols, Eric},
  journal={arXiv preprint arXiv:1511.08308},
  year={2015}
}

@inproceedings{li2015biomedical,
  title={Biomedical named entity recognition based on extended recurrent neural networks},
  author={Li, Lishuang and Jin, Liuke and Jiang, Zhenchao and Song, Dingxin and Huang, Degen},
  booktitle={Bioinformatics and Biomedicine (BIBM), 2015 IEEE International Conference on},
  pages={649--652},
  year={2015},
  organization={IEEE}
}

@inproceedings{anisimovich2012syntactic,
  title={Syntactic and semantic parser based on ABBYY Compreno linguistic technologies},
  author={Anisimovich, KV and Druzhkin, K Yu and Zuev, KA and Minlos, FR and Petrova, MA and Selegei, VP},
  booktitle={Компьютерная лингвистика и интеллектуальные технологии},
  pages={91--103},
  year={2012}
}

@inproceedings{Loper:2002:NNL:1118108.1118117,
 author = {Loper, Edward and Bird, Steven},
 title = {NLTK: The Natural Language Toolkit},
 booktitle = {Proceedings of the ACL-02 Workshop on Effective Tools and Methodologies for Teaching Natural Language Processing and Computational Linguistics - Volume 1},
 series = {ETMTNLP '02},
 year = {2002},
 location = {Philadelphia, Pennsylvania},
 pages = {63--70},
 numpages = {8},
 url = {http://dx.doi.org/10.3115/1118108.1118117},
 doi = {10.3115/1118108.1118117},
 acmid = {1118117},
 publisher = {Association for Computational Linguistics},
 address = {Stroudsburg, PA, USA},
}

@inproceedings{Ritter:2011:NER:2145432.2145595,
 author = {Ritter, Alan and Clark, Sam and Mausam and Etzioni, Oren},
 title = {Named Entity Recognition in Tweets: An Experimental Study},
 booktitle = {Proceedings of the Conference on Empirical Methods in Natural Language Processing},
 series = {EMNLP '11},
 year = {2011},
 isbn = {978-1-937284-11-4},
 location = {Edinburgh, United Kingdom},
 pages = {1524--1534},
 numpages = {11},
 url = {http://dl.acm.org/citation.cfm?id=2145432.2145595},
 acmid = {2145595},
 publisher = {Association for Computational Linguistics},
 address = {Stroudsburg, PA, USA},
}

@inproceedings{cohen2004exploiting,
  title={Exploiting dictionaries in named entity extraction: combining semi-markov extraction processes and data integration methods},
  author={Cohen, William W and Sarawagi, Sunita},
  booktitle={Proceedings of the tenth ACM SIGKDD international conference on Knowledge discovery and data mining},
  pages={89--98},
  year={2004},
  organization={ACM}
}

@misc{sharoff2002frequency,
  title={The frequency dictionary for Russian},
  author={Sharoff, Serge},
  year={2002}
}

@Inbook{KutuzovKuzmenko2017,
author="Kutuzov, Andrey and Kuzmenko, Elizaveta",
editor="Ignatov, Dmitry I.
and Khachay, Mikhail Yu.
and Labunets, Valeri G.
and Loukachevitch, Natalia
and Nikolenko, Sergey I.
and Panchenko, Alexander
and Savchenko, Andrey V.
and Vorontsov, Konstantin",
title="WebVectors: A Toolkit for Building Web Interfaces for Vector Semantic Models",
bookTitle="Analysis of Images, Social Networks and Texts: 5th International Conference, AIST 2016, Yekaterinburg, Russia, April 7-9, 2016, Revised Selected Papers",
year="2017",
publisher="Springer International Publishing",
address="Cham",
pages="155--161",
isbn="978-3-319-52920-2",
doi="10.1007/978-3-319-52920-2_15",
url="http://dx.doi.org/10.1007/978-3-319-52920-2_15"
}

@inproceedings{chen2016xgboost,
  title={Xgboost: A scalable tree boosting system},
  author={Chen, Tianqi and Guestrin, Carlos},
  booktitle={Proceedings of the 22nd acm sigkdd international conference on knowledge discovery and data mining},
  pages={785--794},
  year={2016},
  organization={ACM}
}
